@inproceedings{agirrezabal_machine_2016,
  address   = "Osaka, Japan",
  title     = "Machine {Learning} for {Metrical} {Analysis} of {English} {Poetry}",
  url       = "https://www.aclweb.org/anthology/C16-1074",
  urldate   = "2019-06-17",
  booktitle = "Proceedings of {COLING} 2016, the 26th {International} {Conference} on {Computational} {Linguistics}: {Technical} {Papers}",
  publisher = "The COLING 2016 Organizing Committee",
  author    = "Agirrezabal, Manex and Alegria, Iñaki and Hulden, Mans",
  month     = dec,
  year      = "2016",
  pages     = "772--781"
}

@software{Kubota_tf-keras-vis_2021,
  author  = "Kubota, Yasuhiro",
  month   = "8",
  title   = "{tf-keras-vis}",
  url     = "https://keisen.github.io/tf-keras-vis-docs/",
  version = "0.8.1",
  year    = "2021"
}

@article{vanilla_saliency,
  doi       = "10.48550/arXiv.1312.6034",
  url       = "https://arxiv.org/abs/1312.6034",
  author    = "Simonyan, Karen and Vedaldi, Andrea and Zisserman, Andrew",
  title     = "Deep Inside Convolutional Networks: Visualising Image Classification Models and Saliency Maps",
  journal   = "arXiv [cs.CV]",
  year      = "2013",
  copyright = "arXiv.org perpetual, non-exclusive license"
}

@article{scorecam,
  doi       = "10.48550/arXiv.1910.01279",
  url       = "https://arxiv.org/abs/1910.01279",
  author    = "Wang, Haofan and Wang, Zifan and Du, Mengnan and Yang, Fan and Zhang, Zijian and Ding, Sirui and Mardziel, Piotr and Hu, Xia",
  keywords  = "Computer Vision and Pattern Recognition (cs.CV), FOS: Computer and information sciences, FOS: Computer and information sciences",
  title     = "Score-{CAM}: Score-Weighted Visual Explanations for Convolutional Neural Networks",
  journal   = "arXiv [cs.CV]",
  year      = "2019",
  copyright = "arXiv.org perpetual, non-exclusive license"
}

@article{gradcam,
  doi       = "10.1007/s11263-019-01228-7",
  url       = "https://doi.org/10.1007%2Fs11263-019-01228-7",
  year      = 2019,
  month     = "oct",
  publisher = "Springer Science and Business Media {LLC}",
  volume    = "128",
  number    = "2",
  pages     = "336--359",
  author    = "Ramprasaath R. Selvaraju and Michael Cogswell and Abhishek Das and Ramakrishna Vedantam and Devi Parikh and Dhruv Batra",
  title     = "Grad-{CAM}: Visual Explanations from Deep Networks via Gradient-Based Localization",
  journal   = "International Journal of Computer Vision"
}

@article{vgg16,
  doi       = "10.48550/ARXIV.1409.1556",
  publisher = "arXiv",
  journal   = "arXiv [cs.CV]",
  year      = "2014",
  url       = "https://arxiv.org/abs/1409.1556",
  author    = "Simonyan, Karen and Zisserman, Andrew",
  keywords  = "Computer Vision and Pattern Recognition (cs.CV), FOS: Computer and information sciences, FOS: Computer and information sciences",
  title     = "Very Deep Convolutional Networks for Large-Scale Image Recognition"
}

@article{sela_semhalo,
  author     = "{\v S}e{\c l}a, Artjoms AND Plech{\'a}{\v c}, Petr AND Lassche, Alie",
  doi        = "10.1371/journal.pone.0266556",
  journal    = "PLOS ONE",
  month      = "04",
  number     = "4",
  pages      = "1--17",
  publisher  = "Public Library of Science",
  title      = "Semantics of {E}uropean poetry is shaped by conservative forces: The relationship between poetic meter and meaning in accentual-syllabic verse",
  url        = "https://doi.org/10.1371/journal.pone.0266556",
  volume     = "17",
  year       = "2022",
  bdsk-url-1 = "https://doi.org/10.1371/journal.pone.0266556"
}

@incollection{ahl_f_silius_1996,
  address   = "Berlin",
  title     = "Silius {Italicus}",
  volume    = "32.4",
  number    = "2",
  booktitle = "und {Niedergang} der romischen {Welt}",
  publisher = "de Gruyter",
  author    = "Ahl, F. and {Davis, M. A.} and {Pomeroy, A.}",
  year      = "1996",
  pages     = "2497"
}

@book{ahl_metaformations_1985,
  address    = "Ithaca",
  title      = "Metaformations: soundplay and wordplay in {Ovid} and other classical poets",
  isbn       = "978-0-8014-1762-7",
  shorttitle = "Metaformations",
  publisher  = "Cornell University Press",
  author     = "Ahl, Frederick",
  year       = "1985",
  keywords   = "History and criticism, Classical languages, Classical poetry, Fables, Latin, Literary style, Metamorphoses, Metamorphosis in literature, Ovid, Plays on words, Rhetoric, Ancient, Semantics, Style"
}

@book{allen_accent_1973,
  address   = "Cambridge",
  series    = "Cambridge {Studies} in {Linguistics}",
  title     = "Accent and {Rhythm}",
  publisher = "CUP",
  author    = "Allen, W Sidney",
  year      = "1973"
}

@article{allen_dative_1912,
  title   = "The {Dative} with {Compound} {Verbs} in {Latin}",
  volume  = "5",
  issn    = "1940-641X",
  url     = "https://www.jstor.org/stable/4386567",
  doi     = "10.2307/4386567",
  number  = "22",
  urldate = "2019-07-01",
  journal = "The Classical Weekly",
  author  = "Allen, Bernard M.",
  year    = "1912",
  pages   = "170--173"
}

@book{allen_vox_1965,
  title     = "Vox {Latina}",
  publisher = "Cambridge: CUP",
  author    = "Allen, W Sidney",
  year      = "1965"
}

@incollection{altun_stance_2017,
  address   = "Cham",
  title     = "Stance {Classification} of {Tweets} {Using} {Skip} {Char} {Ngrams}",
  volume    = "10536",
  isbn      = "978-3-319-71272-7 978-3-319-71273-4",
  url       = "http://link.springer.com/10.1007/978-3-319-71273-4_22",
  language  = "en",
  urldate   = "2019-10-16",
  booktitle = "Machine {Learning} and {Knowledge} {Discovery} in {Databases}",
  publisher = "Springer International Publishing",
  author    = "HaCohen-kerner, Yaakov and Ido, Ziv and Ya’akobov, Ronen",
  editor    = "Altun, Yasemin and Das, Kamalika and Mielikäinen, Taneli and Malerba, Donato and Stefanowski, Jerzy and Read, Jesse and Žitnik, Marinka and Ceci, Michelangelo and Džeroski, Sašo",
  year      = "2017",
  doi       = "10.1007/978-3-319-71273-4_22",
  pages     = "266--278"
}

@book{ariemma_alla_2000,
  address    = "Napoli",
  series     = "Studi latini",
  title      = "Alla vigilia di {Canne}: commentario al libro {VIII} dei {Punica} di {Silio} {Italico}",
  isbn       = "978-88-8096-729-3",
  shorttitle = "Alla vigilia di {Canne}",
  language   = "ita lat",
  number     = "41",
  publisher  = "Loffredo",
  author     = "Ariemma, E. M.",
  year       = "2000",
  keywords   = "Poetry, Punic War, 2nd, 218-201 B.C, Punica, 265-30 B.C, Epic poetry, Latin, History, Military, Literature and the war, Rome, Silius Italicus, Tiberius Catius, Carthage (Extinct city)"
}

@book{augoustakis_brills_2010,
  address   = "Leiden ; Boston",
  title     = "Brill's companion to {Silius} {Italicus}",
  isbn      = "978-90-04-16570-0",
  publisher = "Brill",
  editor    = "Augoustakis, Antony",
  year      = "2010",
  keywords  = "Poetry, Punic War, 2nd, 218-201 B.C, Punica, 265-30 B.C, Epic poetry, Latin, History and criticism, History, Military, Literature and the war, Rome, Silius Italicus, Tiberius Catius"
}

@article{bailey_pattern_1939,
  title      = "The {Pattern} of {Sound} in {Lucretius} - {Rosamund} {E}. {Deutsch}: \textit{{The} {Pattern} of {Sound} in {Lucretius}} . {Pp}. viii+188. ({Bryn} {Mawr} {College} {Dissertation}.) 1939. {Paper}.",
  volume     = "53",
  issn       = "0009-840X, 1464-3561",
  shorttitle = "The {Pattern} of {Sound} in {Lucretius} - {Rosamund} {E}. {Deutsch}",
  url        = "https://www.cambridge.org/core/product/identifier/S0009840X00084456/type/journal_article",
  doi        = "10.1017/S0009840X00084456",
  language   = "en",
  number     = "5-6",
  urldate    = "2020-10-22",
  journal    = "The Class. Rev.",
  author     = "Bailey, Cyril",
  month      = nov,
  year       = "1939",
  pages      = "188--189"
}

@article{barber_marlowe_2019,
  title      = "Marlowe and overreaching: {A} misuse of stylometry",
  volume     = "34",
  issn       = "2055-7671",
  shorttitle = "Marlowe and overreaching",
  url        = "http://academic.oup.com/dsh/article/34/1/1/5072008",
  doi        = "10.1093/llc/fqy040",
  language   = "en",
  number     = "1",
  urldate    = "2019-06-26",
  journal    = "Digital Scholarship Humanities",
  author     = "Barber, Ros",
  month      = apr,
  year       = "2019",
  pages      = "1--12"
}

@article{barchiesi1996review,
  title   = "Review of {EJ} {K}enney (ed.), {O}vid {H}eroides {XVI--XXI} ({C}ambridge)",
  author  = "Barchiesi, Alessandro",
  journal = "Bryn Mawr Classical Review",
  volume  = "12",
  year    = "1996"
}

@article{bassett_notes_1905,
  title    = "Notes on the {Bucolic} {Diaeresis}",
  volume   = "36",
  issn     = "00659711",
  url      = "https://www.jstor.org/stable/282666?origin=crossref",
  doi      = "10.2307/282666",
  language = "en",
  urldate  = "2019-06-14",
  journal  = "Transactions and Proceedings of the American Philological Association",
  author   = "Bassett, Samuel Eliot",
  year     = "1905",
  keywords = "hexameter, metrical features",
  pages    = "111"
}
@article{bassett_theory_1919,
  title    = "The {Theory} of the {Homeric} {Caesura} {According} to the {Extant} {Remains} of the {Ancient} {Doctrine}",
  volume   = "40",
  issn     = "00029475",
  url      = "https://www.jstor.org/stable/288914?origin=crossref",
  doi      = "10.2307/288914",
  language = "en",
  number   = "4",
  urldate  = "2019-06-14",
  journal  = "The American Journal of Philology",
  author   = "Bassett, Samuel E.",
  year     = "1919",
  keywords = "metrical features",
  pages    = "343"
}

@article{bianchi_per_2015,
  title     = "Per atra silentia noctis. {Nota} su {Petrarca} lettore di {Silio} {Italico}",
  volume    = "30",
  copyright = "Derechos de autor 2016 Myrtia",
  issn      = "1989-4619",
  url       = "https://revistas.um.es/myrtia/article/view/250011",
  language  = "es",
  urldate   = "2020-03-13",
  journal   = "Myrtia",
  author    = "Bianchi, Nuncio",
  year      = "2015",
  keywords  = "Bucolicum carmen, Petrarca, Punica, Silio Itálico",
  pages     = "207--214"
}

@incollection{blake_evidence_1991,
  title     = "Evidence for {SVO} in {Latin}?",
  booktitle = "Latin and the {Romance} {Languages} in the {Early} {Middle} {Ages}",
  publisher = "London: Routledge",
  author    = "Blake, Robert",
  editor    = "Wright, Roger",
  year      = "1991",
  pages     = "219--32"
}

@article{blandford_eureka_1963,
  title    = "The {Eureka}",
  volume   = "10",
  issn     = "1477-4550, 0017-3835",
  url      = "http://www.cambridge.org/core/journals/greece-and-rome/article/eureka/2854D7A570EB5FEABE3EF2A7F8FABD74#",
  doi      = "10.1017/S0017383500012912",
  language = "en",
  number   = "1",
  urldate  = "2021-01-21",
  journal  = "Greece \& Rome",
  author   = "Blandford, D. W.",
  month    = mar,
  year     = "1963",
  pages    = "71--78"
}

@article{braun_review_1999,
  title        = "Review of {L}'{Additamentum} {Aldinum} di {Silio} {Italico}",
  volume       = "71",
  issn         = "0017-1417",
  url          = "https://www.jstor.org/stable/27693125",
  number       = "8",
  urldate      = "2020-03-13",
  journal      = "Gnomon",
  author       = "Braun, Ludwig",
  collaborator = "Brugnoli, Giorgio and Santini, Carlo",
  year         = "1999",
  pages        = "727--729"
}

@article{burrows_delta:_2002,
  title      = "‘{Delta}’: a {Measure} of {Stylistic} {Difference} and a {Guide} to {Likely} {Authorship}",
  volume     = "17",
  issn       = "0268-1145",
  shorttitle = "‘{Delta}’",
  url        = "http://academic.oup.com/dsh/article/17/3/267/929277",
  doi        = "10.1093/llc/17.3.267",
  language   = "en",
  number     = "3",
  urldate    = "2019-06-26",
  journal    = "Lit Linguist Computing",
  author     = "Burrows, John",
  month      = sep,
  year       = "2002",
  pages      = "267--287"
}

@article{burrows_questions_2003,
  title      = "Questions of {Authorship}: {Attribution} and {Beyond}: {A} {Lecture} {Delivered} on the {Occasion} of the {Roberto} {Busa} {Award} {ACH}-{ALLC} 2001, {New} {York}",
  volume     = "37",
  issn       = "0010-4817",
  shorttitle = "Questions of {Authorship}",
  url        = "https://www.jstor.org/stable/30204877",
  number     = "1",
  urldate    = "2020-07-06",
  journal    = "Computers and the Humanities",
  author     = "Burrows, John",
  year       = "2003",
  pages      = "5--32"
}

@book{calderino_commentary_2011,
  address   = "Genève",
  series    = "Travaux d'humanisme et {Renaissance}",
  title     = "Commentary on {Silius} {Italicus}",
  isbn      = "978-2-600-01434-2",
  language  = "eng lat",
  number    = "no CDLXXVII",
  publisher = "Librairie Droz",
  author    = "Calderino, Domizio and Muecke, Frances and Dunston, A. J.",
  year      = "2011",
  keywords  = "Punica, Silius Italicus, Tiberius Catius, Commentaries"
}

@article{carnoy_apophony_1917,
  title   = "Apophony and {Rhyme} {Words} in {Vulgar} {Latin} {Onomatopoeias}",
  volume  = "38",
  issn    = "0002-9475",
  url     = "http://www.jstor.org/stable/289425",
  doi     = "10.2307/289425",
  number  = "3",
  urldate = "2020-10-22",
  journal = "The American Journal of Philology",
  author  = "Carnoy, Albert J.",
  year    = "1917",
  pages   = "265--284"
}

@book{ceccarelli_contributi_2008,
  address   = "Rome",
  title     = "Contributi per la storia dell'esametro latino",
  isbn      = "978-88-89670-36-1",
  url       = "https://ricerca.univaq.it/handle/11697/28259#.XQcfIdMzb3w",
  language  = "ita",
  urldate   = "2019-06-17",
  publisher = "Herder",
  author    = "Ceccarelli, Lucio",
  year      = "2008"
}

@article{chaudhuri_small_2018,
  title    = "A small set of stylometric features differentiates {Latin} prose and verse",
  url      = "https://academic.oup.com/dsh/advance-article/doi/10.1093/llc/fqy070/5258951",
  doi      = "10.1093/llc/fqy070",
  language = "en",
  urldate  = "2019-06-14",
  journal  = "Digital Scholarship Humanities",
  author   = "Chaudhuri, Pramit and Dasgupta, Tathagata and Dexter, Joseph P. and Iyer, Krithika",
  month    = dec,
  year     = "2018"
}

@article{chiu_generata_nodate,
  title      = "Generata e {Sanguine}: {The} {Motivations} of {Anna} {Perenna} in {Silius} {Italicus}, {Punica} 8",
  shorttitle = "Generata e {Sanguine}",
  url        = "https://www.academia.edu/22877402/Generata_e_Sanguine_The_Motivations_of_Anna_Perenna_in_Silius_Italicus_Punica_8",
  language   = "en",
  urldate    = "2020-03-03",
  author     = "Chiu, Angeline"
}

@article{clark_literary_1899,
  title    = "The {Literary} {Discoveries} of {Poggio}",
  volume   = "13",
  issn     = "1464-3561, 0009-840X",
  url      = "http://www.cambridge.org/core/journals/classical-review/article/literary-discoveries-of-poggio/4820E0FB52143843B77DD15ED1887490",
  doi      = "10.1017/S0009840X00042645",
  language = "en",
  number   = "2",
  urldate  = "2019-12-29",
  journal  = "The Classical Review",
  author   = "Clark, A. C.",
  month    = mar,
  year     = "1899",
  pages    = "119--130"
}
@article{clarke_intentional_1972,
  title   = "Intentional {Rhyme} in {Vergil} and {Ovid}",
  volume  = "103",
  issn    = "0065-9711",
  url     = "http://www.jstor.org/stable/2935966",
  doi     = "10.2307/2935966",
  urldate = "2020-10-22",
  journal = "Transactions and Proceedings of the American Philological Association",
  author  = "Clarke, W. M.",
  year    = "1972",
  pages   = "49--77"
}

@article{coffee_tesserae_2013,
  title      = "The {Tesserae} {Project}: intertextual analysis of {Latin} poetry",
  volume     = "28",
  issn       = "0268-1145, 1477-4615",
  shorttitle = "The {Tesserae} {Project}",
  url        = "https://academic.oup.com/dsh/article-lookup/doi/10.1093/llc/fqs033",
  doi        = "10.1093/llc/fqs033",
  language   = "en",
  number     = "2",
  urldate    = "2020-06-18",
  journal    = "Literary and Linguistic Computing",
  author     = "Coffee, N. and Koenig, J.-P. and Poornima, S. and Forstall, C. W. and Ossewaarde, R. and Jacobson, S. L.",
  month      = jun,
  year       = "2013",
  pages      = "221--228"
}

@misc{colombi_pedecerto_2007,
  title   = "Pedecerto",
  url     = "http://www.pedecerto.eu/pagine/autori",
  urldate = "2019-06-17",
  author  = "Colombi, Emanuela {and} others",
  year    = "2007"
}

@article{courtney_65,
  doi       = "10.2307/43646359",
  url       = "http://www.jstor.org/stable/43646359",
  author    = "E. Courtney",
  journal   = "BICS",
  number    = "12",
  pages     = "63--66",
  publisher = "Wiley",
  title     = "{O}vidian and non-{O}vidian {H}eroides",
  year      = "1965"
}

@article{courtney_97,
  issn      = "00098353",
  url       = "http://www.jstor.org/stable/3298136",
  author    = "E. Courtney",
  journal   = "CJ",
  number    = "2",
  pages     = "157--166",
  publisher = "The Classical Association of the Middle West and South, Inc. (CAMWS)",
  title     = "Echtheitskritik: {O}vidian and Non-{O}vidian {H}eroides Again",
  volume    = "93",
  year      = "1997"
}

@article{courtney_problems_1989,
  title    = "Some {Problems} in the {Text} of {Silius} {Italicus}",
  volume   = "117",
  issn     = "0035-6220",
  url      = "http://search.proquest.com/docview/1302945099/citation/101289171BDA4089PQ/1",
  language = "English",
  urldate  = "2020-06-24",
  journal  = "Rivista di Filologia e di Istruzione Classica; Torino",
  author   = "Courtney, E.",
  month    = jan,
  year     = "1989",
  keywords = "Linguistics/Philology, Ancient Civilisations",
  pages    = "325--328"
}

@article{crammer_online_nodate,
  title    = "Online {Passive}-{Aggressive} {Algorithms}",
  language = "en",
  author   = "Crammer, Koby and Dekel, Ofer and Keshet, Joseph and Shalev-Shwartz, Shai and Singer, Yoram",
  pages    = "35"
}

@book{dainotti_word_2015,
  title     = "Word {Order} and {Expressiveness} in the {Aeneid}",
  volume    = "121",
  publisher = "Walter de Gruyter GmbH \& Co KG",
  author    = "Dainotti, Paolo",
  year      = "2015",
  keywords  = "metrical features, style"
}

@book{davis_amores,
  author    = "P. J. Davis",
  title     = "Ovid {A}mores Book 3 Edited with Introduction, Translation, and Commentary",
  publisher = "OUP (forthcoming)",
  year      = "202x"
}

@book{deutsch_1978,
  title     = "The pattern of sound in {Lucretius}",
  publisher = "Garland Publishing",
  place     = "New York",
  author    = "Rosamund Deutsch",
  note      = "repr. 1978",
  year      = "1939"
}

@article{devallet_additamentum_1996,
  title     = "L'{Additamentum} {Aldinum} di {Silio} {Italico}, {Supplemento} no 14 al {Bollettino} dei {Classici}",
  volume    = "70",
  copyright = "Copyright Éditions Klincksieck 1996",
  issn      = "00351652",
  url       = "http://search.proquest.com/docview/751282221/citation/825A03A331B14AC7PQ/1",
  language  = "French",
  number    = "2",
  urldate   = "2020-07-06",
  journal   = "Revue de Philologie, de Littérature et d'Histoire Anciennes",
  author    = "Devallet, Georges",
  year      = "1996",
  keywords  = "Classical Studies, Linguistics",
  pages     = "376--377"
}

@book{dorrie_71,
  editor    = "Dörrie, Heinrich",
  place     = "Berlin; New York",
  publisher = "de Grutyer",
  year      = "1971",
  title     = "Epistulae Heroidum"
}

@article{duckworth_five_1967,
  title      = "Five {Centuries} of {Latin} {Hexameter} {Poetry}: {Silver} {Age} and {Late} {Empire}",
  volume     = "98",
  issn       = "00659711",
  shorttitle = "Five {Centuries} of {Latin} {Hexameter} {Poetry}",
  url        = "https://www.jstor.org/stable/2935870?origin=crossref",
  doi        = "10.2307/2935870",
  language   = "en",
  urldate    = "2019-06-14",
  journal    = "Transactions and Proceedings of the American Philological Association",
  author     = "Duckworth, George E.",
  year       = "1967",
  keywords   = "hexameter, metrical features",
  pages      = "77"
}

@article{duckworth_horaces_1965,
  title    = "Horace's {Hexameters} and the {Date} of the {Ars} {Poetica}",
  volume   = "96",
  issn     = "00659711",
  url      = "https://www.jstor.org/stable/283719?origin=crossref",
  doi      = "10.2307/283719",
  language = "en",
  urldate  = "2019-06-14",
  journal  = "Transactions and Proceedings of the American Philological Association",
  author   = "Duckworth, George E.",
  year     = "1965",
  keywords = "hexameter, metrical features, style",
  pages    = "73--95"
}

@article{duckworth_maphaeus_1969,
  title      = "Maphaeus {Vegius} and {Vergil}'s {Aeneid}: {A} {Metrical} {Comparison}",
  volume     = "64",
  issn       = "0009-837X",
  shorttitle = "Maphaeus {Vegius} and {Vergil}'s {Aeneid}",
  url        = "https://www.jstor.org/stable/268004",
  number     = "1",
  urldate    = "2019-06-14",
  journal    = "Classical Philology",
  author     = "Duckworth, George E.",
  year       = "1969",
  keywords   = "hexameter, metrical features, style",
  pages      = "1--6"
}

@book{duckworth_vergil_1969,
  address    = "Ann Arbor",
  title      = "Vergil and classical hexameter poetry: a study in metrical variety",
  shorttitle = "Vergil and classical hexameter poetry",
  language   = "eng",
  publisher  = "University of Michigan Press",
  author     = "Duckworth, George Eckel",
  year       = "1969",
  keywords   = "Metrics and rhythmics, Versification; Latin language, Virgil, style"
}

@article{duhigg1971elegiac,
  title     = "The elegiac metre of {C}atullus",
  author    = "Duhigg, J",
  journal   = "Antichthon",
  volume    = "5",
  pages     = "57--67",
  year      = "1971",
  publisher = "Cambridge University Press"
}

@article{yilmaz_scheffler_22,
  title     = "Song Authorship Attribution: A Lyrics and Rhyme Based Approach",
  author    = "Tunç Yilmaz and Tatjana Scheffler",
  journal   = "International Journal of Digital Humanities",
  year      = "2022",
  publisher = "Springer",
  volume    = "(in press)"
}

@article{eder_does_2015,
  title      = "Does size matter? {Authorship} attribution, small samples, big problem",
  volume     = "30",
  issn       = "0268-1145",
  shorttitle = "Does size matter?",
  url        = "https://academic.oup.com/dsh/article/30/2/167/390738",
  doi        = "10.1093/llc/fqt066",
  language   = "en",
  number     = "2",
  urldate    = "2019-06-17",
  journal    = "Lit. Linguist. Computing",
  author     = "Eder, Maciej",
  month      = jun,
  year       = "2015",
  pages      = "167--182"
}

@inproceedings{eder_short_2017,
  address    = "Montréal",
  title      = "Short {Samples} in {Authorship} {Attribution}: {A} {New} {Approach}",
  shorttitle = "Short {Samples} in {Authorship} {Attribution}",
  publisher  = "McGill University",
  author     = "Eder, Maciej",
  year       = "2017",
  keywords   = "Chandler (software), Experiment, Fingerprint, Scalability, Stylometry, Text corpus, Zobel network"
}

@article{eder2017visualization,
  title     = "Visualization in stylometry: cluster analysis using networks",
  author    = "Eder, Maciej",
  journal   = "Digital Scholarship in the Humanities",
  volume    = "32",
  number    = "1",
  pages     = "50--64",
  year      = "2017",
  publisher = "Oxford University Press"
}

@article{exon_relation_1906,
  title    = "The {Relation} of the {Resolved} {Arsis} and {Resolved} {Thesis} in {Plautus} to the {Prose} {Accent}",
  volume   = "20",
  issn     = "1464-3561, 0009-840X",
  url      = "https://www.cambridge.org/core/journals/classical-review/article/relation-of-the-resolved-arsis-and-resolved-thesis-in-plautus-to-the-prose-accent/BDC8609E0100433C3273409E30B6F87A",
  doi      = "10.1017/S0009840X00993569",
  language = "¡",
  number   = "1",
  urldate  = "2019-09-10",
  journal  = "The Classical Review",
  author   = "Exon, Charles",
  month    = feb,
  year     = "1906",
  pages    = "31--36"
}

@article{exon_secondary_1907,
  title   = "The {Secondary} {Accentuation} of {Latin} {Words} of the {Type} of {Consuluisti}",
  volume  = "2",
  issn    = "0009-837X",
  url     = "https://www.jstor.org/stable/262235",
  number  = "3",
  urldate = "2019-08-29",
  journal = "Classical Philology",
  author  = "Exon, Charles and Harkness, Albert Granger",
  year    = "1907",
  pages   = "341--344"
}

@book{fleckeisen_jahrbucher_1888,
  title     = "Jahrbücher für classische {Philologie}: {Supplementband}",
  url       = "https://books.google.com.au/books?id=mcENAAAAYAAJ",
  number    = "v. 16",
  publisher = "B.G. Teubner",
  author    = "Fleckeisen, A.",
  year      = "1888",
  lccn      = "sn91028584"
}

@article{foley_computer_nodate,
  title    = "A {Computer} {Analysis} of {Metrical} {Patterns} in {Beowulf}",
  language = "en",
  author   = "Foley, John Miles",
  pages    = "10"
}

@article{forstall_evidence_2011,
  title      = "Evidence of intertextuality: investigating {Paul} the {Deacon}'s {Angustae} {Vitae}",
  volume     = "26",
  issn       = "0268-1145, 1477-4615",
  shorttitle = "Evidence of intertextuality",
  url        = "https://academic.oup.com/dsh/article-lookup/doi/10.1093/llc/fqr029",
  doi        = "10.1093/llc/fqr029",
  language   = "en",
  number     = "3",
  urldate    = "2019-07-20",
  journal    = "Literary and Linguistic Computing",
  author     = "Forstall, C. W. and Jacobson, S. L. and Scheirer, W. J.",
  month      = sep,
  year       = "2011",
  pages      = "285--296"
}

@article{forstall_modeling_2015,
  title      = "Modeling the scholars: {Detecting} intertextuality through enhanced word-level n-gram matching",
  volume     = "30",
  issn       = "0268-1145",
  shorttitle = "Modeling the scholars",
  url        = "http://academic.oup.com/dsh/article/30/4/503/480607",
  doi        = "10.1093/llc/fqu014",
  language   = "en",
  number     = "4",
  urldate    = "2020-06-27",
  journal    = "Lit Linguist Computing",
  author     = "Forstall, Christopher and Coffee, Neil and Buck, Thomas and Roache, Katherine and Jacobson, Sarah",
  month      = dec,
  year       = "2015",
  pages      = "503--515"
}

@article{forstall_statistical_2019,
  title   = "A {Statistical} {Stylistic} {Study} of {Latin} {Elegiac} {Couplets}",
  author  = "Forstall, Chris and J. Scheirer, W",
  journal = "DHCS 2010",
  month   = jul,
  year    = "2010"
}

@article{foster_certain_1909,
  title   = "On {Certain} {Euphonic} {Embellishments} in the {Verse} of {Propertius}",
  volume  = "40",
  issn    = "0065-9711",
  url     = "http://www.jstor.org/stable/282623",
  doi     = "10.2307/282623",
  urldate = "2020-10-22",
  journal = "Transactions and Proceedings of the American Philological Association",
  author  = "Foster, B. O.",
  year    = "1909",
  pages   = "31--62"
}

@article{fruchterman1991graph,
  title     = "Graph drawing by force-directed placement",
  author    = "Fruchterman, Thomas MJ and Reingold, Edward M",
  journal   = "Software: Practice and Experience",
  volume    = "21",
  number    = "11",
  pages     = "1129--1164",
  year      = "1991",
  publisher = "Wiley Online Library"
}

@book{g_brugnoli_additamentum_1995,
  address   = "Rome",
  title     = "L'{Additamentum} {Aldinum} di {Silio} {Italico}. ({Bollettino} dei {Classici}, {Supplement} 14.)",
  publisher = "Accademia Nazionale dei Lincei",
  author    = "{G. Brugnoli} and {C. Santini}",
  year      = "1995"
}

@book{gaius_silius_italicus_caji_1717,
  title        = "Caji {Silii} {Italici} {Punicorum} libri septemdecim, cum excerptis ex {Francisci} {Modii} {Novantiquis} lectionibus, et {Casp}. {Barthii} {Adversariis}, tum {Danielis} {Heinsii} {Crepundiis} silianis, et postumis notis {Nicolai} {Heinsii}, nunc primum editis, curante {Arnoldo} {Drakenborch}, cujus etiam annotationes passim additae sunt",
  copyright    = "http://creativecommons.org/publicdomain/mark/1.0/",
  url          = "http://archive.org/details/bub_gb_x6b0FUJoNukC",
  language     = "Latin",
  urldate      = "2020-02-29",
  publisher    = "apud Guilielmum Vande Water, Academ. typogr.",
  author       = "{Gaius Silius Italicus}",
  collaborator = "{National Library of Naples}",
  year         = "1717",
  keywords     = "bub\_upload"
}

@book{gaius_silius_italicus_silii_1551,
  title        = "Silii {Italici}, ... {De} bello {Punico} libri septemdecim",
  copyright    = "http://creativecommons.org/publicdomain/mark/1.0/",
  url          = "http://archive.org/details/bub_gb_S7vtok1J0cUC",
  language     = "Russian",
  urldate      = "2020-07-06",
  publisher    = "apud Seb. Gryphium",
  author       = "{Gaius Silius Italicus}",
  collaborator = "{National Central Library of Rome}",
  year         = "1551",
  keywords     = "bub\_upload"
}

@article{garcia_function_2007,
  title    = "Function {Words} in {Authorship} {Attribution} {Studies}",
  volume   = "22",
  issn     = "0268-1145",
  url      = "https://academic.oup.com/dsh/article/22/1/49/1026337",
  doi      = "10.1093/llc/fql048",
  language = "en",
  number   = "1",
  urldate  = "2019-06-14",
  journal  = "Lit Linguist Computing",
  author   = "García, Antonio Miranda and Martín, Javier Calle",
  month    = apr,
  year     = "2007",
  pages    = "49--66"
}

@book{ggplot,
  author    = "Hadley Wickham",
  title     = "ggplot2: Elegant Graphics for Data Analysis",
  publisher = "Springer-Verlag New York",
  year      = "2016",
  isbn      = "978-3-319-24277-4",
  url       = "https://ggplot2.tidyverse.org"
}

@article{goold_observationes_1956,
  title      = "{OBSERVATIONES} {IN} {CODICEM} {MATRITENSEM} {M}. 31: {De} {Silii} et {Statii} {Silvarum} scripta memoria",
  volume     = "99",
  issn       = "0035-449X",
  shorttitle = "{OBSERVATIONES} {IN} {CODICEM} {MATRITENSEM} {M}. 31",
  url        = "www.jstor.org/stable/41243814",
  number     = "1",
  urldate    = "2019-12-29",
  journal    = "Rheinisches Museum für Philologie",
  author     = "Goold, G. P.",
  year       = "1956",
  pages      = "9--17"
}

@incollection{green_collapse_1991,
  title     = "The collapse and replacement of verbal inflection in {Late} {Latin}/{Early} {Romance}: how would one know?",
  booktitle = "Latin and the {Romance} {Languages} in the {Early} {Middle} {Ages}",
  publisher = "London: Routledge",
  author    = "Green, John",
  editor    = "Wright, Roger",
  year      = "1991",
  pages     = "83--99"
}

@article{grieve_quantitative_nodate,
  title    = "Quantitative authorship attribution: {A} history and an evaluation of techniques",
  language = "en",
  author   = "Grieve, Jack William",
  pages    = "150"
}

@book{guggenheimer_rhyme_1972,
  address   = "The Hague; Paris",
  title     = "Rhyme effects and rhyming figures",
  isbn      = "978-3-11-099083-6",
  language  = "English",
  publisher = "De Gruyter Mouton",
  author    = "Guggenheimer, Eva H.",
  year      = "1972"
}

@article{guthrie_closer_2006,
  title   = "A {Closer} {Look} at {Skip}-gram {Modelling}",
  journal = "Proc. of the Fifth International Conference on Language Resources and Evaluation",
  author  = "Guthrie, David and Allison, Ben and Liu, Wei and Guthrie, Louise and Wilks, Yorick",
  month   = jan,
  year    = "2006"
}

@incollection{h_blass_textesquellen_1876,
  address   = "Leipzig",
  title     = "Die {Textesquellen} des {Silius} {Italicus}",
  volume    = "8",
  booktitle = "Jahrbücher für classische {Philologie}",
  publisher = "Teubner",
  author    = "{H. Blass}",
  editor    = "A. Fleckeisen",
  year      = "1876",
  pages     = "161--250"
}

@article{harkness_relation_1907,
  title   = "The {Relation} of the {Accent} to the {Pyrrhic} in {Latin} {Verse}",
  volume  = "2",
  issn    = "0009-837X",
  url     = "https://www.jstor.org/stable/261661",
  number  = "1",
  urldate = "2019-09-10",
  journal = "Classical Philology",
  author  = "Harkness, Albert Granger",
  year    = "1907",
  pages   = "51--78"
}

@book{hayes_bruce_metrical_1995,
  address   = "Chicago",
  title     = "Metrical {Stress} {Theory}",
  publisher = "University of Chicago Press",
  author    = "{Hayes, Bruce}",
  year      = "1995"
}

@article{heitland_great_1896,
  title    = "The {Great} {Lacuna} in the {Eighth} {Book} of {Silius} {Italicus}",
  volume   = "24",
  issn     = "1751-8490",
  url      = "http://search.proquest.com/docview/1293905148/citation/FA34CF9F33664B28PQ/1",
  language = "English",
  number   = "48",
  urldate  = "2019-11-18",
  journal  = "The Journal of Philology; London",
  author   = "Heitland, W. E.",
  month    = jan,
  year     = "1896",
  keywords = "Linguistics/Philology",
  pages    = "188--211"
}

@book{herescu_poesie_1960,
  address    = "Paris",
  title      = "La poésie latine: étude des structures phoniques",
  shorttitle = "La poésie latine",
  language   = "French",
  publisher  = "Les Belles Lettres",
  author     = "Herescu, Niculae I",
  year       = "1960"
}

@incollection{heyworth_16,
  editor    = "Hunter, R. and Oakley, S. P.",
  title     = "Authenticity and Other Textual Problems in {H}eroides 16",
  author    = "Heyworth, S. J.",
  booktitle = "Latin Literature and its Transmission: Papers in Honour of {M}ichael {R}eeve",
  year      = "2016",
  place     = "Cambridge",
  publisher = "CUP",
  pages     = "142--170"
}

@misc{heyworth_ovid_2019,
  title      = "Ovid: \emph{{Fasti}} {Book} 3",
  shorttitle = "Ovid",
  language   = "en",
  urldate    = "2020-03-18",
  journal    = "Cambridge Core",
  author     = "Heyworth, S. J.",
  month      = apr,
  year       = "2019",
  doi        = "10.1017/9781139061124"
}

@article{highet_sound-effects_1951,
  title   = "Sound-{Effects} in {Juvenal}'s {Poetry}",
  volume  = "48",
  issn    = "0039-3738",
  url     = "http://www.jstor.org/stable/4172990",
  number  = "4",
  urldate = "2020-10-22",
  journal = "Studies in Philology",
  author  = "Highet, Gilbert",
  year    = "1951",
  pages   = "697--706"
}

@inproceedings{hirjee_automatic_2009,
  title     = "Automatic {Detection} of {Internal} and {Imperfect} {Rhymes} in {Rap} {Lyrics}",
  booktitle = "{Proc}. 10th {International} {Society} for {Music} {Information} {Retrieval} {Conference} ({ISMIR} 2009",
  author    = "Hirjee, Hussein and Brown, Daniel G.",
  year      = "2009",
  pages     = "711--716"
}

@article{hoover_testing_2004,
  title    = "Testing {Burrows}'s {Delta}",
  volume   = "19",
  issn     = "0268-1145, 1477-4615",
  url      = "https://academic.oup.com/dsh/article-lookup/doi/10.1093/llc/19.4.453",
  doi      = "10.1093/llc/19.4.453",
  language = "en",
  number   = "4",
  urldate  = "2019-06-26",
  journal  = "Literary and Linguistic Computing",
  author   = "Hoover, D. L.",
  month    = nov,
  year     = "2004",
  pages    = "453--475"
}

@incollection{hutchison_authorship_2006,
  address   = "Berlin, Heidelberg",
  title     = "Authorship {Attribution} {Using} {Word} {Sequences}",
  volume    = "4225",
  isbn      = "978-3-540-46556-0 978-3-540-46557-7",
  url       = "http://link.springer.com/10.1007/11892755_87",
  language  = "en",
  urldate   = "2019-06-14",
  booktitle = "Progress in {Pattern} {Recognition}, {Image} {Analysis} and {Applications}",
  publisher = "Springer Berlin Heidelberg",
  author    = "Coyotl-Morales, Rosa María and Villaseñor-Pineda, Luis and Montes-y-Gómez, Manuel and Rosso, Paolo",
  editor    = "Hutchison, David and Kanade, Takeo and Kittler, Josef and Kleinberg, Jon M. and Mattern, Friedemann and Mitchell, John C. and Naor, Moni and Nierstrasz, Oscar and Pandu Rangan, C. and Steffen, Bernhard and Sudan, Madhu and Terzopoulos, Demetri and Tygar, Dough and Vardi, Moshe Y. and Weikum, Gerhard and Martínez-Trinidad, José Francisco and Carrasco Ochoa, Jesús Ariel and Kittler, Josef",
  year      = "2006",
  doi       = "10.1007/11892755_87",
  keywords  = "style",
  pages     = "844--853"
}

@article{ilsemann_christopher_2018,
  title      = "Christopher {Marlowe}: {Hype} and {Hoax}",
  volume     = "33",
  issn       = "2055-7671",
  shorttitle = "Christopher {Marlowe}",
  url        = "http://academic.oup.com/dsh/article/33/4/788/4951676",
  doi        = "10.1093/llc/fqy001",
  language   = "en",
  number     = "4",
  urldate    = "2019-06-26",
  journal    = "Digital Scholarship Humanities",
  author     = "Ilsemann, Hartmut",
  month      = dec,
  year       = "2018",
  pages      = "788--820"
}

@book{italicus_punicorum_1717,
  title     = "Punicorum libri septemdecim cum excerptis ex {F}. {Modii} novantiquis lectionibus et {C}. {Barthii} adversariis, tum {D}. {Heinsii} crepundiis {Silianis} et postumis notis {N}. {Heinsii}... curante {Arnoldo} {Drakenborch}",
  language  = "la",
  publisher = "Van de Water",
  author    = "Italicus, Tiberius Catius Silius and Heinsius",
  year      = "1717"
}

@article{jacobs_latin_1997,
  title   = "Latin {Enclitic} {Stress} {Revisited}",
  volume  = "28",
  issn    = "0024-3892",
  url     = "https://www.jstor.org/stable/4178998",
  number  = "4",
  urldate = "2019-08-31",
  journal = "Linguistic Inquiry",
  author  = "Jacobs, Haike",
  year    = "1997",
  pages   = "648--661"
}

@article{jacobs_nonlinear_1989,
  title   = "Nonlinear studies in the historical phonology of {French}",
  url     = "https://repository.ubn.ru.nl/handle/2066/113687",
  urldate = "2019-09-11",
  author  = "Jacobs, H. M. G. M.",
  year    = "1989"
}

@article{jockers_comparative_2010,
  title    = "A comparative study of machine learning methods for authorship attribution",
  volume   = "25",
  issn     = "0268-1145, 1477-4615",
  url      = "https://academic.oup.com/dsh/article-lookup/doi/10.1093/llc/fqq001",
  doi      = "10.1093/llc/fqq001",
  language = "en",
  number   = "2",
  urldate  = "2019-06-14",
  journal  = "Literary and Linguistic Computing",
  author   = "Jockers, M. L. and Witten, D. M.",
  month    = jun,
  year     = "2010",
  keywords = "ML, style",
  pages    = "215--223"
}

@book{john_percival_postgate_corpus_1905,
  title        = "Corpus poetarum latinorum a se aliisque denuo recognitorum et brevi ...",
  url          = "http://archive.org/details/corpuspoetaruml01postgoog",
  language     = "Latin",
  urldate      = "2020-02-29",
  publisher    = "Sumptibus G. Bell etFiliorum",
  author       = "{John Percival Postgate}",
  collaborator = "{Harvard University}",
  year         = "1905"
}

@misc{johnsonetal2014,
  author = "Johnson, Kyle P. and Patrick Burns and John Stewart and Todd Cook",
  title  = "{CLTK}: The {C}lassical {L}anguage {T}oolkit",
  url    = "https://github.com/cltk/cltk",
  year   = "2014--2020"
}

@article{juola_authorship_2007,
  title    = "Authorship {Attribution}",
  volume   = "1",
  issn     = "1554-0669, 1554-0677",
  url      = "http://www.nowpublishers.com/article/Details/INR-005",
  doi      = "10.1561/1500000005",
  language = "en",
  number   = "3",
  urldate  = "2020-06-28",
  journal  = "FNT in Information Retrieval",
  author   = "Juola, Patrick",
  year     = "2007",
  pages    = "233--334"
}

@inproceedings{kao_computational_2012,
  address   = "Montréal, Canada",
  title     = "A {Computational} {Analysis} of {Style}, {Affect}, and {Imagery} in {Contemporary} {Poetry}",
  url       = "https://www.aclweb.org/anthology/W12-2502",
  urldate   = "2019-06-17",
  booktitle = "Proceedings of the {NAACL}-{HLT} 2012 {Workshop} on {Computational} {Linguistics} for {Literature}",
  publisher = "Association for Computational Linguistics",
  author    = "Kao, Justine and Jurafsky, Dan",
  month     = jun,
  year      = "2012",
  pages     = "8--17"
}

@article{kawahara_half_2007,
  title   = "Half rhymes in {Japanese} rap lyrics and knowledge of similarity",
  volume  = "16",
  issn    = "0925-8558",
  url     = "http://www.jstor.org/stable/25702287",
  number  = "2",
  urldate = "2020-10-07",
  journal = "Journal of East Asian Linguistics",
  author  = "Kawahara, Shigeto",
  year    = "2007",
  pages   = "113--144"
}

@book{keil_heinrich_grammatici_1857,
  address      = "Leipzig",
  title        = "Grammatici latini ex recensione {Henrici} {Keilii}",
  language     = "lat",
  publisher    = "Teubner",
  author       = "Keil, Heinrich, ed",
  collaborator = "Hermann Hagan, ed",
  year         = "1857",
  keywords     = "Latin language, Metrics and rhythmics, Early works to 1500; Latin language, Grammar"
}

@book{kenney_96,
  title     = "Ovid {H}eroides {XVI--XXI}",
  editor    = "Kenney, E. J.",
  place     = "Cambridge",
  publisher = "CUP",
  year      = "1996"
}

@article{kenney1979two,
  title     = "Two disputed passages in the {H}eroides",
  author    = "Kenney, E. J.",
  journal   = "CQ",
  volume    = "29",
  number    = "2",
  pages     = "394--431",
  year      = "1979",
  publisher = "CUP"
}

@article{kenney1999anomaly,
  title     = "Anomaly, Innovation and Genre in {O}vid, {H}eroides 16--21",
  author    = "Kenney, E. J.",
  journal   = "Aspects of the Language of Latin Poetry (Proceedings of the British Academy)",
  volume    = "93",
  pages     = "399--414",
  year      = "1999",
  publisher = "British Academy"
}

@article{kjell_discrimination_1994,
  title    = "Discrimination of authorship using visualization",
  volume   = "30",
  issn     = "0306-4573",
  url      = "http://www.sciencedirect.com/science/article/pii/0306457394900299",
  doi      = "10.1016/0306-4573(94)90029-9",
  language = "en",
  number   = "1",
  urldate  = "2020-06-28",
  journal  = "Information Processing \& Management",
  author   = "Kjell, Bradley and Woods, W. Addison and Frieder, Ophir",
  month    = jan,
  year     = "1994",
  pages    = "141--150"
}

@article{knapp_caesura_1925,
  title   = "The {Caesura} in {Latin} {Hexameter} {Poetry} {Censeo} {Ego} {Caesuram} {Istam} {Delendam} {Esse}",
  volume  = "18",
  issn    = "1940-641X",
  url     = "https://www.jstor.org/stable/4388613",
  doi     = "10.2307/4388613",
  number  = "10",
  urldate = "2019-06-14",
  journal = "The Classical Weekly",
  author  = "Knapp, Charles",
  year    = "1925",
  pages   = "73--75"
}

@article{knight_homodyne_1931,
  title   = "Homodyne in the fourth foot of the {Vergilian} hexameter",
  volume  = "25",
  number  = "3-4",
  journal = "The Classical Quarterly",
  author  = "Knight, William Francis Jackson",
  year    = "1931",
  doi     = "10.1017/S0009838800014221",
  pages   = "184--194"
}

@inproceedings{koppel_authorship_2004,
  address   = "Banff, Alberta, Canada",
  title     = "Authorship verification as a one-class classification problem",
  url       = "http://portal.acm.org/citation.cfm?doid=1015330.1015448",
  doi       = "10.1145/1015330.1015448",
  language  = "en",
  urldate   = "2019-06-14",
  booktitle = "Twenty-first international conference on {Machine} learning  - {ICML} '04",
  publisher = "ACM Press",
  author    = "Koppel, Moshe and Schler, Jonathan",
  year      = "2004",
  keywords  = "style",
  pages     = "62"
}


@book{koppel_authorship_nodate,
  title  = "Authorship {Verification} as a {One}-{Class} {Classification} {Problem}",
  author = "Koppel, Moshe and Schler, Jonathan"
}


@article{koppel_fundamental_2012,
  title    = "The “{Fundamental} {Problem}” of {Authorship} {Attribution}",
  volume   = "93",
  issn     = "0013-838X, 1744-4217",
  url      = "http://www.tandfonline.com/doi/abs/10.1080/0013838X.2012.668794",
  doi      = "10.1080/0013838X.2012.668794",
  language = "en",
  number   = "3",
  urldate  = "2019-10-16",
  journal  = "English Studies",
  author   = "Koppel, Moshe and Schler, Jonathan and Argamon, Shlomo and Winter, Yaron",
  month    = may,
  year     = "2012",
  pages    = "284--291"
}


@inproceedings{kulmizev_power_2017,
  address   = "Copenhagen, Denmark",
  title     = "The {Power} of {Character} {N}-grams in {Native} {Language} {Identification}",
  url       = "http://aclweb.org/anthology/W17-5043",
  doi       = "10.18653/v1/W17-5043",
  language  = "en",
  urldate   = "2019-10-16",
  booktitle = "Proceedings of the 12th {Workshop} on {Innovative} {Use} of {NLP} for {Building}           {Educational} {Applications}",
  publisher = "Association for Computational Linguistics",
  author    = "Kulmizev, Artur and Blankers, Bo and Bjerva, Johannes and Nissim, Malvina and van Noord, Gertjan and Plank, Barbara and Wieling, Martijn",
  year      = "2017",
  pages     = "382--389"
}

@book{lahiri_analogy_2003,
  address    = "Berlin/Boston, GERMANY",
  title      = "Analogy, {Levelling}, {Markedness}: {Principles} of {Change} in {Phonology} and {Morphology}",
  isbn       = "978-3-11-089991-7",
  shorttitle = "Analogy, {Levelling}, {Markedness}",
  url        = "http://ebookcentral.proquest.com/lib/adelaide/detail.action?docID=3043046",
  urldate    = "2019-08-31",
  publisher  = "De Gruyter, Inc.",
  author     = "Lahiri, Aditi",
  year       = "2003",
  keywords   = "Analogy (Linguistics), Grammar, Comparative and general -- Morphology., Grammar, Comparative and general -- Phonology., Linguistic change., Markedness (Linguistics)"
}

@article{lee_silius_2017,
  title      = "Silius {Italicus}’ {Punica} 8. 1-241: a commentary ({MPhil}. {Thesis})",
  shorttitle = "Silius {Italicus}’ {Punica} 8. 1-241",
  url        = "http://hdl.handle.net/2440/113421",
  doi        = "10.25909/5b597172c68f8",
  urldate    = "2019-08-03",
  author     = "Lee, Janice Maree",
  year       = "2017"
}

@article{lewry_thirteenth-century_1988,
  title      = "Thirteenth-{Century} {Teaching} on {Speech} and {Accentuation}: {Robert} {Kilwardby}'s {Commentary} on {De} accentibus of {Pseudo}-{Priscian}",
  volume     = "50",
  issn       = "0076-5872, 2507-0436",
  shorttitle = "Thirteenth-{Century} {Teaching} on {Speech} and {Accentuation}",
  url        = "https://www.brepolsonline.net/doi/10.1484/J.MS.2.306353",
  doi        = "10.1484/J.MS.2.306353",
  language   = "en",
  urldate    = "2019-06-14",
  journal    = "Mediaeval Studies",
  author     = "Lewry, (†) P. Osmund",
  month      = jan,
  year       = "1988",
  pages      = "96--185"
}

@article{linde_stellung_1923,
  title   = "Die {Stellung} des {Verbs} in der lateinischen {Prosa}",
  volume  = "12",
  issn    = "00171298",
  number  = "3/4",
  journal = "Glotta",
  author  = "Linde, P.",
  year    = "1923",
  pages   = "153--178"
}

@inproceedings{lou_accurate_2013,
  address   = "Chicago, Illinois, USA",
  title     = "Accurate intelligible models with pairwise interactions",
  isbn      = "978-1-4503-2174-7",
  url       = "http://dl.acm.org/citation.cfm?doid=2487575.2487579",
  doi       = "10.1145/2487575.2487579",
  language  = "en",
  urldate   = "2019-06-14",
  booktitle = "Proceedings of the 19th {ACM} {SIGKDD} international conference on {Knowledge} discovery and data mining - {KDD} '13",
  publisher = "ACM Press",
  author    = "Lou, Yin and Caruana, Rich and Gehrke, Johannes and Hooker, Giles",
  year      = "2013",
  keywords  = "ML",
  pages     = "623"
}

@incollection{m_d_reeve_silius_1983,
  address   = "Oxford",
  title     = "Silius {Italicus}",
  booktitle = "Texts and {Transmission}",
  publisher = "OUP",
  author    = "M. D. Reeve",
  editor    = "Leighton D. Reynolds",
  year      = "1983",
  pages     = "389--91"
}

@article{maldonado_review_1997,
  title        = "Review of {L}'{Additamentum} {Aldinum} di {Silio} {Italico}, {Supplemento} n o 14 al «{Bollettino} dei {Classici}», {Accademia} {Nazionale} dei {Lincei}",
  volume       = "59",
  issn         = "0006-1999",
  url          = "https://www.jstor.org/stable/20678297",
  number       = "3",
  urldate      = "2020-07-06",
  journal      = "Bibliothèque d'Humanisme et Renaissance",
  author       = "Maldonado, José C. Miralles and Maldonaldo, J.C. Miralles",
  collaborator = "Brugnoli, Giorgio and Santini, Carlo",
  year         = "1997",
  pages        = "706--709"
}

@article{manjavacas_feasibility_2019,
  title    = "On the {Feasibility} of {Automated} {Detection} of {Allusive} {Text} {Reuse}",
  url      = "http://arxiv.org/abs/1905.02973",
  urldate  = "2020-01-31",
  journal  = "arXiv:1905.02973 [cs]",
  author   = "Manjavacas, Enrique and Long, Brian and Kestemont, Mike",
  month    = may,
  year     = "2019",
  keywords = "Computer Science - Computation and Language"
}
@inproceedings{manjavacas-etal-2019-improving,
  title     = "Improving Lemmatization of Non-Standard Languages with Joint Learning",
  author    = "Manjavacas, Enrique  and
               K{\'a}d{\'a}r, {\'A}kos  and
               Kestemont, Mike",
  booktitle = "Proceedings of the 2019 Conference of the {N}orth {A}merican Chapter of the {A}ssociation for {C}omputational {L}inguistics",
  month     = jun,
  year      = "2019",
  address   = "Minneapolis, Minnesota",
  publisher = "Association for Computational Linguistics",
  url       = "https://www.aclweb.org/anthology/N19-1153",
  doi       = "10.18653/v1/N19-1153",
  pages     = "1493--1503"
}

@book{marina_tarlinskaja_shakespeare_2016,
  address   = "London",
  title     = "Shakespeare and the {Versification} of {English} {Drama}, 1561–1642",
  publisher = "Routledge",
  author    = "{Marina Tarlinskaja}",
  year      = "2016"
}

@article{marriott_authorship_1979,
  title      = "The {Authorship} of the {Historia} {Augusta}: {Two} {Computer} {Studies}",
  volume     = "69",
  issn       = "0075-4358",
  shorttitle = "The {Authorship} of the {Historia} {Augusta}",
  url        = "https://www.jstor.org/stable/299060",
  doi        = "10.2307/299060",
  urldate    = "2020-06-27",
  journal    = "The Journal of Roman Studies",
  author     = "Marriott, Ian",
  year       = "1979",
  pages      = "65--77"
}

@article{mayer_schoolboys_2020,
  title      = "The schoolboys' revenge: how the golden line entered classical scholarship",
  volume     = "12",
  issn       = "1759-5142",
  shorttitle = "The schoolboys' revenge",
  url        = "https://doi.org/10.1093/crj/clz029",
  doi        = "10.1093/crj/clz029",
  number     = "2",
  urldate    = "2021-01-24",
  journal    = "Classical Receptions Journal",
  author     = "Mayer, Kenneth",
  month      = apr,
  year       = "2020",
  pages      = "248--278"
}

@article{mcgushin_review_1989,
  title        = "Review of {Sili} {Italici} {Punica}",
  volume       = "110",
  issn         = "0002-9475",
  url          = "https://www.jstor.org/stable/295233",
  doi          = "10.2307/295233",
  number       = "3",
  urldate      = "2020-07-06",
  journal      = "The American Journal of Philology",
  author       = "McGushin, Patrick",
  collaborator = "Delz, J.",
  year         = "1989",
  pages        = "518--523"
}

@article{mcinnes_umap_2018,
  title      = "{UMAP}: {Uniform} {Manifold} {Approximation} and {Projection} for {Dimension} {Reduction}",
  shorttitle = "{UMAP}",
  url        = "http://arxiv.org/abs/1802.03426",
  urldate    = "2020-06-18",
  journal    = "arXiv:1802.03426 [cs, stat]",
  author     = "McInnes, Leland and Healy, John and Melville, James",
  month      = dec,
  year       = "2018",
  keywords   = "Computer Science - Computational Geometry, Computer Science - Machine Learning, Statistics - Machine Learning"
}

@book{mckeown_98,
  title     = "Ovid {A}mores: {T}ext, {P}rolegomena and {C}ommentary",
  volume    = "III",
  publisher = "Francis Cairns",
  place     = "Leeds",
  author    = "McKeown, J. C.",
  year      = "1998"
}

@incollection{mckeown2013authenticity,
  title     = "The authenticity of {A}mores 3.5",
  author    = "McKeown, J. C.",
  booktitle = "Vertis in usum",
  pages     = "114--128",
  year      = "2013",
  publisher = "BG Teubner"
}

@book{morgan1977ovid,
  title     = "Ovid's Art of Imitation: {P}ropertius in the {A}mores",
  author    = "Morgan, Kathleen",
  volume    = "47",
  year      = "1977",
  publisher = "Brill Mnemosyne Supplements"
}

@article{mosteller_inference_1963,
  title   = "Inference in an {Authorship} {Problem}",
  volume  = "58",
  issn    = "0162-1459",
  url     = "https://amstat.tandfonline.com/doi/abs/10.1080/01621459.1963.10500849",
  doi     = "10.1080/01621459.1963.10500849",
  number  = "302",
  urldate = "2020-12-07",
  journal = "null",
  author  = "Mosteller, Frederick and Wallace, David L.",
  month   = jun,
  year    = "1963",
  pages   = "275--309"
}

@website{mqdq_2007,
  title        = "Musisque {D}eoque: A digital archive of {Latin} poetry",
  howpublished = "\url{http://mizar.unive.it/mqdq/public/index}",
  author       = "Mastandrea, Paolo and others",
  year         = "2007"
}

@article{muttenthaler_authorship_nodate,
  title    = "Authorship {Attribution} in {Fan}-{Fictional} {Texts} given variable length {Character} and {Word} {N}-{Grams}",
  language = "en",
  author   = "Muttenthaler, Lukas and Lucas, Gordon and Amann, Janek",
  pages    = "9"
}

@article{nagy_heroides_2022,
  author       = "Nagy, Ben",
  title        = "Preprint: Some Stylometric Remarks On {O}vid's \emph{{H}eroides} And The \emph{{E}pistula {S}apphus}",
  year         = "2022",
  howpublished = "https://github.com/bnagy/heroides-paper",
  doi          = "10.5281/zenodo.6099889"
}

@article{nagy_hexml_2019,
  author = "Nagy, Ben",
  title  = "Preprint: Metre as a stylometric feature in {L}atin hexameter poetry",
  year   = "2019",
  note   = "https://github.com/bnagy/hexml-paper"
}

@website{nagy_mqdq_2019,
  author       = "Nagy, Ben",
  title        = "{MQDQParser}: Utility scripts in {P}ython for working with {XML} poems from {MQDQ}",
  year         = "2019",
  howpublished = "\url{https://github.com/bnagy/mqdq-parser}"
}

@misc{chollet2015keras,
  title        = "Keras",
  author       = "Chollet, Fran\c{c}ois and others",
  year         = "2015",
  howpublished = "\url{https://keras.io}"
}

@misc{tensorflow2015-whitepaper,
  title  = " {TensorFlow}: Large-Scale Machine Learning on Heterogeneous Systems",
  url    = "https://www.tensorflow.org/",
  note   = "Software available from tensorflow.org",
  author = "
            Mart\'{i}n~Abadi and
            Ashish~Agarwal and
            Paul~Barham and
            Eugene~Brevdo and
            Zhifeng~Chen and
            Craig~Citro and
            Greg~S.~Corrado and
            Andy~Davis and
            Jeffrey~Dean and
            Matthieu~Devin and
            Sanjay~Ghemawat and
            Ian~Goodfellow and
            Andrew~Harp and
            Geoffrey~Irving and
            Michael~Isard and
            Yangqing Jia and
            Rafal~Jozefowicz and
            Lukasz~Kaiser and
            Manjunath~Kudlur and
            Josh~Levenberg and
            Dandelion~Man\'{e} and
            Rajat~Monga and
            Sherry~Moore and
            Derek~Murray and
            Chris~Olah and
            Mike~Schuster and
            Jonathon~Shlens and
            Benoit~Steiner and
            Ilya~Sutskever and
            Kunal~Talwar and
            Paul~Tucker and
            Vincent~Vanhoucke and
            Vijay~Vasudevan and
            Fernanda~Vi\'{e}gas and
            Oriol~Vinyals and
            Pete~Warden and
            Martin~Wattenberg and
            Martin~Wicke and
            Yuan~Yu and
            Xiaoqiang~Zheng",
  year   = "2015"
}

@article{nagy_rhyme_2021,
  author = "Nagy, Ben",
  title  = "Preprint: {R}hyme in classical {L}atin poetry: stylistic or stochastic?",
  year   = "2021",
  note   = "https://github.com/bnagy/rhyme-paper"
}

@article{nagy_rhyme_2022,
  author  = "Nagy, Ben",
  title   = "{R}hyme in classical {L}atin poetry: stylistic or stochastic?",
  journal = "Digital Scholarship in the Humanities",
  year    = "2022",
  doi     = "10.1093/llc/fqab105"
}

@article{nagy2021metre,
  title     = "Metre as a stylometric feature in {L}atin hexameter poetry",
  author    = "Nagy, Benjamin",
  journal   = "Digital Scholarship in the Humanities",
  volume    = "36",
  number    = "4",
  pages     = "999--1012",
  year      = "2021",
  doi       = "10.1093/llc/fqaa043",
  publisher = "Oxford University Press"
}

@book{national_central_library_of_rome_les_1838,
  title        = "Les puniques {Silius} {Italicus}",
  copyright    = "http://creativecommons.org/publicdomain/mark/1.0/",
  url          = "http://archive.org/details/bub_gb_k2q3exIEkZMC",
  language     = "French",
  urldate      = "2020-07-06",
  publisher    = "C.L.F. Panckoucke",
  collaborator = "{National Central Library of Rome}",
  year         = "1838",
  keywords     = "bub\_upload"
}

@article{neidorf_large-scale_2019,
  title    = "Large-scale quantitative profiling of the {Old} {English} verse tradition",
  volume   = "3",
  issn     = "2397-3374",
  url      = "http://www.nature.com/articles/s41562-019-0570-1",
  doi      = "10.1038/s41562-019-0570-1",
  language = "en",
  number   = "6",
  urldate  = "2019-06-14",
  journal  = "Nat Hum Behav",
  author   = "Neidorf, Leonard and Krieger, Madison S. and Yakubek, Michelle and Chaudhuri, Pramit and Dexter, Joseph P.",
  month    = jun,
  year     = "2019",
  keywords = "ML, style",
  pages    = "560--567"
}

@article{newcomer_effect_nodate,
  title    = "The {Effect} of {Enclitics} on the {Accent} of {Words} in {Latin}",
  language = "en",
  author   = "Newcomer, Charles B",
  keywords = "metrical features",
  pages    = "5"
}

@article{noauthor_dieresi_nodate,
  title    = "{LA} '{DIERESI} {BUCOLICA}' {E} {UN} {FRAINTENDIMENTO} {DI} {ARISTIDE} {QUINTILIANO}",
  language = "en",
  keywords = "metrical features",
  pages    = "15"
}

@misc{noauthor_modeling_nodate,
  title   = "Modeling the scholars: {Detecting} intertextuality through enhanced word-level n-gram matching {\textbar} {Digital} {Scholarship} in the {Humanities} {\textbar} {Oxford} {Academic}",
  url     = "https://academic-oup-com.proxy.library.adelaide.edu.au/dsh/article/30/4/503/480607",
  urldate = "2020-06-27"
}

@article{obermeier_aesthetic_2013,
  title    = "Aesthetic and {Emotional} {Effects} of {Meter} and {Rhyme} in {Poetry}",
  volume   = "4",
  issn     = "1664-1078",
  doi      = "10.3389/fpsyg.2013.00010",
  language = "en",
  urldate  = "2019-11-07",
  journal  = "Front. Psychology",
  author   = "Obermeier, Christian and Menninghaus, Winfried and von Koppenfels, Martin and Raettig, Tim and Schmidt-Kassow, Maren and Otterbein, Sascha and Kotz, Sonja A.",
  year     = "2013"
}

@book{ogilvie_commentary_1970,
  address    = "Oxford",
  edition    = "Reprinted",
  title      = "A {Commentary} on {Livy}: {Books} 1 - 5",
  isbn       = "978-0-19-814432-8",
  shorttitle = "A commentary on {Livy}",
  language   = "eng",
  publisher  = "Clarendon Press",
  author     = "Ogilvie, Robert Maxwell",
  year       = "1970"
}

@inproceedings{omer_arud_2017,
  title     = "Arud, the {Metrical} {System} of {Arabic} {Poetry}, as a {Feature} {Set} for {Authorship} {Attribution}",
  doi       = "10.1109/AICCSA.2017.48",
  booktitle = "2017 {IEEE}/{ACS} 14th {International} {Conference} on {Computer} {Systems} and {Applications} ({AICCSA})",
  author    = "Omer, A. I. A. and Oakes, M. P.",
  month     = oct,
  year      = "2017",
  keywords  = "Arabic, Arabic data, Arabic poetry, Arabic texts, Arud, Arud-based encoding, Arud-based measure, authorship attribution, Authorship Attribution, automatic author discrimination, delta measure, Encoding, English texts, Feature extraction, feature set, hierarchical cluster analysis, Hierarchical Cluster Analysis, intertext distances, linguistic feature, literature, Meters, metrical system, most frequent words, natural language processing, pattern classification, pattern clustering, Plagiarism, Stylo package, Support vector machines, Task analysis, text analysis, Vocabulary, Ward's method",
  pages     = "431--436"
}

@article{paluzo-hidalgo_towards_2019,
  title    = "Towards a {Philological} {Metric} through a {Topological} {Data} {Analysis} {Approach}",
  url      = "http://arxiv.org/abs/1912.09253",
  urldate  = "2019-12-28",
  journal  = "arXiv:1912.09253 [cs, math]",
  author   = "Paluzo-Hidalgo, Eduardo and Gonzalez-Diaz, Rocio and Gutiérrez-Naranjo, Miguel A.",
  month    = dec,
  year     = "2019",
  keywords = "Computer Science - Computation and Language, Mathematics - Algebraic Topology"
}

@incollection{pinkster_evidence_1991,
  title     = "Evidence for {SVO} in {Latin}?",
  booktitle = "Latin and the {Romance} {Languages} in the {Early} {Middle} {Ages}",
  publisher = "London: Routledge",
  author    = "Pinkster, Harm",
  editor    = "Wright, Roger",
  year      = "1991",
  pages     = "69--82"
}

@book{platnauer_latin_1951,
  address    = "Cambridge",
  title      = "Latin {Elegiac} {Verse}: {A} {Study} of the {Metrical} {Usages} of {Tibullus}, {Propertius} and {Ovid}",
  shorttitle = "Latin {Elegiac} {Verse}",
  urldate    = "2019-09-11",
  publisher  = "Cambridge University Press",
  author     = "Platnauer, Maurice",
  year       = "1951"
}

@article{plechac_assessing_nodate,
  title    = "Assessing the {Reliability} of {Stress} as a {Feature} of {Authorship} {Attribution} in {Syllabic} and {Accentual} {Syllabic} {Verse}",
  language = "en",
  author   = "Plecháč, Petr and Birnbaum, David J",
  pages    = "10"
}

@article{plechac_versification_2019,
  title    = "Versification and authorship attribution. {A} pilot study on {Czech}, {German}, {Spanish}, and {English} poetry",
  volume   = "5",
  issn     = "2346-691X, 2346-6901",
  url      = "http://ojs.utlib.ee/index.php/smp/article/view/smp.2018.5.2.02",
  doi      = "10.12697/smp.2018.5.2.02",
  language = "en",
  number   = "2",
  urldate  = "2019-07-26",
  journal  = "SMP",
  author   = "Plecháč, Petr and Bobenhausen, Klemens and Hammerich, Benjamin",
  month    = jan,
  year     = "2019",
  pages    = "29--54"
}

@article{pomeroy_silius_2000,
  title      = "Silius' {Rome}: the rewriting of {Vergil}'s vision",
  volume     = "29",
  shorttitle = "Silius' {Rome}",
  url        = "http://search.informit.com.au/documentSummary;dn=200709205;res=IELAPA",
  language   = "EN",
  number     = "2",
  urldate    = "2020-06-28",
  journal    = "Ramus",
  author     = "Pomeroy, Arthur J.",
  year       = "2000",
  pages      = "149"
}

@article{pomeroy_silius_2000-1,
  title      = "Silius' {Rome}: {The} {Rewriting} of {Vergil}'s {Vision1}",
  volume     = "29",
  issn       = "0048-671X, 2202-932X",
  shorttitle = "Silius' {Rome}",
  url        = "https://www.cambridge.org/core/journals/ramus/article/silius-rome-the-rewriting-of-vergils-vision1/59AF691CB4FFC58C2D7B6BAC6F794F3E",
  doi        = "10.1017/S0048671X00001636",
  language   = "en",
  number     = "2",
  urldate    = "2020-07-06",
  journal    = "Ramus",
  author     = "Pomeroy, Arthur J.",
  year       = "2000",
  pages      = "149--168"
}

@article{pulgram_accent_1954,
  title   = "Accent and {Ictus} in {Spoken} and {Written} {Latin}",
  volume  = "71",
  issn    = "0937-2229",
  url     = "https://www.jstor.org/stable/40847898",
  number  = "3/4",
  urldate = "2019-08-28",
  journal = "Zeitschrift für vergleichende Sprachforschung auf dem Gebiete der Indogermanischen Sprachen",
  author  = "Pulgram, Ernst",
  year    = "1954",
  pages   = "218--237"
}

@article{rakshit_automated_nodate,
  title    = "Automated {Analysis} of {Bangla} {Poetry} for {Classification} and {Poet} {Identification}",
  language = "en",
  author   = "Rakshit, Geetanjali and Ghosh, Anupam and Bhattacharyya, Pushpak and Haffari, Gholamreza",
  keywords = "ML, style",
  pages    = "7"
}

@article{reeve_g_1998,
  title      = "G. {Brugnoli}, {C}. {Santini}: {L}'{Additamentum} {Aldinum} di {Silio} {Italico}. ({Bollettino} dei {Classici}, {Supplement} 14.) {Pp}. 112. {Rome}: {Accademia} {Nazionale} dei {Lincei}, 1995. {Paper}, {L}. 60,000.",
  volume     = "48",
  issn       = "1464-3561, 0009-840X",
  shorttitle = "G. {Brugnoli}, {C}. {Santini}",
  url        = "http://www.cambridge.org/core/journals/classical-review/article/g-brugnoli-c-santini-ladditamentum-aldinum-di-silio-italico-bollettino-dei-classici-supplement-14-pp-112-rome-accademia-nazionale-dei-lincei-1995-paper-l-60000/3CFDD3F4EFB7ED846A32BF5CF118F909",
  doi        = "10.1017/S0009840X00331274",
  language   = "en",
  number     = "1",
  urldate    = "2020-02-13",
  journal    = "The Classical Review",
  author     = "Reeve, M. D.",
  month      = apr,
  year       = "1998",
  pages      = "195--196"
}

@article{reeve_heroides,
  doi       = "10.2307/638190",
  url       = "http://www.jstor.org/stable/638190",
  author    = "M. D. Reeve",
  journal   = "CQ",
  number    = "2",
  pages     = "324--338",
  publisher = "CUP",
  title     = "Notes on {O}vid's {H}eroides",
  volume    = "23",
  year      = "1973"
}

@article{reeve_new_1989,
  title      = "A {New} {Edition} of {Silius} {Italicus} - {Josef} {Delz}: {Silius} {Italicus}, {Punica}. ({Bibl}. {Teubneriana}.) {Pp}. lxxviii + 528. {Stuttgart}: {Teubner}, 1987. {DM} 168.",
  volume     = "39",
  issn       = "1464-3561, 0009-840X",
  shorttitle = "A {New} {Edition} of {Silius} {Italicus} - {Josef} {Delz}",
  url        = "http://www.cambridge.org/core/journals/classical-review/article/new-edition-of-silius-italicus-josef-delz-silius-italicus-punica-bibl-teubneriana-pp-lxxviii-528-stuttgart-teubner-1987-dm-168/ED3A35A3635230301C4D300BBBA1A062",
  doi        = "10.1017/S0009840X0027145X",
  language   = "en",
  number     = "2",
  urldate    = "2020-02-13",
  journal    = "The Classical Review",
  author     = "Reeve, M. D.",
  month      = oct,
  year       = "1989",
  pages      = "215--218"
}

@book{rstudio_team_rstudio:_2015,
  address   = "Boston, MA",
  title     = "{RStudio}: {Integrated} {Development} {Environment} for {R}",
  url       = "http://www.rstudio.com/",
  publisher = "RStudio, Inc.",
  author    = "{RStudio Team}",
  year      = "2015"
}

@book{sabbadini_scoperte_1905,
  address   = "Florence",
  edition   = "Edizione anastatica / con nuove aggiunte e correzioni dell'autore",
  title     = "Le {Scoperte} dei codici latini e greci ne' secoti {XIV} e {XV}",
  language  = "Italian",
  publisher = "G. C. Sansoni",
  author    = "Sabbadini, Remigio",
  year      = "1905"
}

@book{sabbadini_scoperte_1905-1,
  title        = "Le scoperte dei codici latini e greci ne'secoli 14 e 15",
  url          = "http://archive.org/details/lescopertedeicod01sabbuoft",
  language     = "ita",
  urldate      = "2020-07-06",
  publisher    = "Firenze G.C. Sansoni",
  author       = "Sabbadini, Remigio",
  collaborator = "{Robarts - University of Toronto}",
  year         = "1905",
  keywords     = "Classical philology -- History"
}

@inproceedings{sapkota_not_nodate,
  title      = "Not {All} {Character} {N}-grams {Are} {Created} {Equal}: {A} {Study} in {Authorship} {Attribution}",
  shorttitle = "Not {All} {Character} {N}-grams {Are} {Created} {Equal}",
  booktitle  = "Proceedings of the 2015 {Conference} of the {North} {American} {Chapter} of the {Association} for {Computational} {Linguistics}: {Human} {Language} {Technologies}",
  author     = "Sapkota, Upendra and Bethard, Steven and Montes, Manuel and Solorio, Thamar"
}

@incollection{schoell_accentu_1876,
  title     = "De {Accentu} {Linguae} {Latinae}",
  booktitle = "Acta {Societatis} {Philologae} {Lipsiensis}, \textsc{vi}",
  publisher = "Leipzig: Teubner",
  author    = "Schoell, Fredericus",
  editor    = "Ritschelius, Fridericus",
  year      = "1876",
  keywords  = "metrical features",
  pages     = "1--231"
}

@book{schulze_zur_1933,
  title        = "Zur {Geschichte} lateinischer {Eigennamen}",
  copyright    = "http://creativecommons.org/licenses/by-nc-nd/4.0/",
  url          = "http://archive.org/details/Zur-Geschichte-lateinischer-Eigennamen-PHAIDRA_o_77420",
  language     = "ger",
  urldate      = "2020-02-21",
  publisher    = "Weimannsche",
  author       = "Schulze, Wilhelm",
  collaborator = "{PHAIDRA University of Padova}",
  year         = "1933",
  keywords     = "BELF"
}

@book{schulze_zur_1933-1,
  title        = "Zur {Geschichte} lateinischer {Eigennamen}",
  copyright    = "http://creativecommons.org/licenses/by-nc-nd/4.0/",
  url          = "http://archive.org/details/Zur-Geschichte-lateinischer-Eigennamen-PHAIDRA_o_77420",
  language     = "ger",
  urldate      = "2020-07-06",
  publisher    = "Weimannsche",
  author       = "Schulze, Wilhelm",
  collaborator = "{PHAIDRA University of Padova}",
  year         = "1933",
  keywords     = "BELF"
}

@article{scikit-learn,
  title   = "Scikit-learn: Machine Learning in {P}ython",
  author  = "Pedregosa, F. and Varoquaux, G. and Gramfort, A. and Michel, V.
             and Thirion, B. and Grisel, O. and Blondel, M. and Prettenhofer, P.
             and Weiss, R. and Dubourg, V. and Vanderplas, J. and Passos, A. and
             Cournapeau, D. and Brucher, M. and Perrot, M. and Duchesnay, E.",
  journal = "Journal of Machine Learning Research",
  volume  = "12",
  pages   = "2825--2830",
  year    = "2011"
}

@article{seeck_zur_1913,
  title   = "{ZUR} {GESCHICHTE} {DES} {LAVINATISCHEN} {KULTUS}",
  volume  = "68",
  issn    = "0035-449X",
  url     = "https://www.jstor.org/stable/41247568",
  urldate = "2020-02-21",
  journal = "Rheinisches Museum für Philologie",
  author  = "Seeck, Otto",
  year    = "1913",
  pages   = "11--15"
}

@book{silio_italico_guerra_2005,
  address    = "Madrid",
  title      = "La guerra púnica",
  isbn       = "978-84-460-1310-5",
  language   = "Spanish",
  publisher  = "Ediciones Akal",
  author     = "Silio Itálico, Cayo",
  translator = "Villalba Álvarez, Joaquín",
  year       = "2005"
}

@book{silius_italicus_c_1781,
  address    = "Paris",
  title      = "C. {Silii} {Italici} {De} bello {Punico} secundo : poema ad fidem veterum monumentorum castigatum, fragmento auctum",
  shorttitle = "C. {Silii} {Italici} {De} bello {Punico} secundo",
  url        = "http://archive.org/details/csiliiitalicideb00sili",
  language   = "lat",
  urldate    = "2020-02-27",
  publisher  = "Via et Aedibus Serpentinis",
  author     = "Silius Italicus, Tiberius Catius and Lefebvre de Villebrune, Jean-Baptiste",
  year       = "1781",
  keywords   = "Punic War, 2nd, 218-201 B.C"
}

@book{silius_italicus_c_1781-1,
  title        = "C. {Silii} {Italici} {De} bello {Punico} secundo : poema ad fidem veterum monumentorum castigatum, fragmento auctum",
  shorttitle   = "C. {Silii} {Italici} {De} bello {Punico} secundo",
  url          = "http://archive.org/details/csiliiitalicideb00sili",
  language     = "lat",
  urldate      = "2020-07-06",
  publisher    = "Parisiis : Via et Aedibus Serpentinis",
  author       = "Silius Italicus, Tiberius Catius and {John Adams Library (Boston Public Library) MB (BRL)} and Lefebvre de Villebrune, Jean-Baptiste and Adams, John",
  collaborator = "{John Adams Library at the Boston Public Library}",
  year         = "1781",
  keywords     = "Punic War, 2nd, 218-201 B.C"
}

@book{silius_italicus_guerre_1979,
  address    = "Paris",
  title      = "La {Guerre} punique",
  url        = "http://archive.org/details/laguerrepunique0000sili_d2l6",
  language   = "lat",
  urldate    = "2020-06-25",
  publisher  = "Belles lettres",
  author     = "Silius Italicus, Tiberius Catius",
  translator = "Devallet, Georges; Miniconi, Pierre-Jean",
  year       = "1979",
  keywords   = "Punic War, 2nd, 218-201 B.C. -- Poetry"
}

@book{silius_italicus_guerre_1979-1,
  title        = "La {Guerre} punique",
  url          = "http://archive.org/details/laguerrepunique0000sili_d2l6",
  language     = "lat",
  urldate      = "2020-07-06",
  publisher    = "Paris : Belles lettres",
  author       = "Silius Italicus, Tiberius Catius",
  collaborator = "{Internet Archive}",
  year         = "1979",
  keywords     = "Punic War, 2nd, 218-201 B.C. -- Poetry"
}

@book{silius_italicus_punica_1890,
  address   = "Leipzig",
  title     = "Punica",
  language  = "Latin",
  publisher = "Teubner",
  author    = "Silius Italicus",
  editor    = "Bauer, Ludovicus",
  year      = "1890"
}

@book{silius_italicus_punica_1890-1,
  title        = "Punica;",
  url          = "http://archive.org/details/punicasili01siliuoft",
  language     = "lat",
  urldate      = "2020-07-06",
  publisher    = "Lipsia, Teubner",
  author       = "Silius Italicus, Tiberius Catius and Bauer, Ludwig",
  collaborator = "{Robarts - University of Toronto}",
  year         = "1890"
}

@book{silius_italicus_punica_1983,
  address    = "Cambridge, MA",
  title      = "Punica",
  volume     = "1",
  isbn       = "978-0-674-99305-1 978-0-434-99277-5",
  language   = "English",
  publisher  = "Harvard University Press",
  author     = "Silius Italicus, Tiberius Catius",
  translator = "{J. Duff}",
  year       = "1983"
}

@book{silius_italicus_sili_1987,
  address   = "Stuttgart",
  series    = "Bibliotheca scriptorum {Graecorum} et {Romanorum} {Teubneriana}",
  title     = "Sili {Italici} {Punica}",
  isbn      = "978-3-519-01804-9",
  language  = "lat",
  publisher = "In Aedibus BGTeubneri",
  author    = "Silius Italicus",
  editor    = "Delz, Josef",
  year      = "1987",
  keywords  = "Poetry, Punic War, 2nd, 218-201 B.C"
}

@book{skoie2002reading,
  title     = "Reading {S}ulpicia: Commentaries, 1475-1990",
  author    = "Skoie, Mathilde",
  year      = "2002",
  publisher = "OUP"
}

@article{skutsch_rhyme_1964,
  title   = "{Rhyme} in {Horace}",
  issn    = "0076-0730",
  url     = "http://www.jstor.org/stable/43636558",
  number  = "11",
  urldate = "2020-10-22",
  journal = "Bulletin of the Institute of Classical Studies",
  author  = "Skutsch, O.",
  year    = "1964",
  pages   = "73--78"
}

@book{spaltenstein_commentaire_1986,
  address   = "Genève",
  title     = "Commentaire des {Punica} de {Silius} {Italicus} (livres 1 à 8)",
  url       = "https://books.google.com.au/books?id=iVMTxgEACAAJ",
  publisher = "Droz",
  author    = "Spaltenstein, F.",
  year      = "1986"
}

@article{stamatatos_survey_2009,
  title    = "A survey of modern authorship attribution methods",
  volume   = "60",
  issn     = "15322882, 15322890",
  url      = "http://doi.wiley.com/10.1002/asi.21001",
  doi      = "10.1002/asi.21001",
  language = "en",
  number   = "3",
  urldate  = "2020-06-28",
  journal  = "J. Am. Soc. Inf. Sci.",
  author   = "Stamatatos, Efstathios",
  month    = mar,
  year     = "2009",
  pages    = "538--556"
}

@article{stover_authorship_2016,
  title      = "{THE} {AUTHORSHIP} {OF} {THE} {HISTORIA} {AUGUSTA}: {TWO} {NEW} {COMPUTATIONAL} {STUDIES}",
  volume     = "59",
  issn       = "0076-0730",
  shorttitle = "{THE} {AUTHORSHIP} {OF} {THE} {HISTORIA} {AUGUSTA}",
  url        = "https://academic.oup.com/bics/article/59/2/140/5588196",
  doi        = "10.1111/j.2041-5370.2016.12043.x",
  language   = "en",
  number     = "2",
  urldate    = "2020-06-27",
  journal    = "Bull Inst Class Stud",
  author     = "Stover, Justin A. and Kestemont, Mike",
  month      = dec,
  year       = "2016",
  pages      = "140--157"
}

@article{stover_kestemont_2016,
  title     = "REASSESSING THE {A}PULEIAN CORPUS: A COMPUTATIONAL APPROACH TO AUTHENTICITY",
  volume    = "66",
  doi       = "10.1017/S0009838816000768",
  number    = "2",
  journal   = "CQ",
  publisher = "CUP",
  author    = "Stover, Justin and Kestemont, Mike",
  year      = "2016",
  pages     = "645–672"
}

@article{summers_n._1902,
  title    = "N. {Heinsius} and the {Cologne} {MS}. of {Silius}",
  volume   = "16",
  issn     = "1464-3561, 0009-840X",
  url      = "http://www.cambridge.org/core/journals/classical-review/article/n-heinsius-and-the-cologne-ms-of-silius/9812C0CBFD15122B0E325698DFD14315",
  doi      = "10.1017/S0009840X00205751",
  language = "en",
  number   = "3",
  urldate  = "2019-12-27",
  journal  = "The Classical Review",
  author   = "Summers, Walter C.",
  month    = apr,
  year     = "1902",
  pages    = "169--172"
}

@article{tarrant_81,
  url       = "http://www.jstor.org/stable/311169",
  author    = "R. J. Tarrant",
  journal   = "Harvard Studies in Classical Philology",
  pages     = "133--153",
  publisher = "Department of the Classics, Harvard University",
  title     = "The Authenticity of the Letter of {Sappho} to {Phaon} ({Heroides XV})",
  volume    = "85",
  year      = "1981",
  doi       = "10.2307/311169"
}

@incollection{tarrant_trans_ep,
  place     = "Oxford",
  title     = "Ovid, {Heroides}",
  booktitle = "Texts and {Transmission}",
  publisher = "OUP",
  author    = "Tarrant, R. J.",
  editor    = "Leighton D. Reynolds",
  year      = "1983",
  pages     = "268--73"
}

@software{thibault_clerice_2020_3883590,
  author    = "Clérice, Thibault",
  title     = "{PIE} Extended, an extension for {PIE} with pre-processing and post-processing",
  month     = jun,
  year      = 2020,
  publisher = "Zenodo",
  doi       = "10.5281/zenodo.3883589",
  url       = "https://doi.org/10.5281/zenodo.3883589"
}

@book{thorsen_ovearly,
  title     = "{O}vid's Early Poetry: from his {S}ingle {H}eroides to his {R}emedia {A}moris",
  place     = "Cambridge",
  publisher = "CUP",
  author    = "Thorsen, Thea",
  doi       = "10.1017/CBO9781139628952",
  year      = "2014"
}

@book{tiberius_catius_silius_italicus_caii_1795,
  title        = "Caii {Silii} {Italici} {Punicorum} libri septemdecim",
  url          = "http://archive.org/details/caiisiliiitalic00dietgoog",
  language     = "Latin",
  urldate      = "2020-07-06",
  publisher    = "Sumptibus Io. Christ. Dieterich",
  author       = "Tiberius Catius Silius Italicus, Georg Alexander Ruperti",
  collaborator = "{Harvard University}",
  year         = "1795"
}

@article{tilly_identification_1936,
  title   = "The {Identification} of the {Numicus}",
  volume  = "26",
  issn    = "0075-4358",
  url     = "https://www.jstor.org/stable/296699",
  doi     = "10.2307/296699",
  urldate = "2020-02-21",
  journal = "The Journal of Roman Studies",
  author  = "Tilly, Bertha",
  year    = "1936",
  pages   = "1--11"
}

@book{tizhoosh_poetic_2008,
  title      = "Poetic features for poem recognition: {A} comparative",
  shorttitle = "Poetic features for poem recognition",
  author     = "Tizhoosh, Hamid R. and Sahba, Farhang and Dara, Rozita",
  year       = "2008"
}

@book{university_library_philologischer_1869,
  title        = "Philologischer {Anzeiger}. ``{Als} {Ergänzung} des {Philologus}.'' [serial]",
  url          = "http://archive.org/details/philologischeran04gtti",
  language     = "ger",
  urldate      = "2020-07-06",
  publisher    = "Göttingen, Dieterichsche Buchhandlung",
  collaborator = "University Library, University of North Carolina at Chapel Hill",
  year         = "1869",
  keywords     = "Classical philology"
}

@article{van2008visualizing,
  title   = "Visualizing data using t-{SNE}.",
  author  = "Van der Maaten, Laurens and Hinton, Geoffrey",
  journal = "Journal of Machine Learning Research",
  volume  = "9",
  number  = "11",
  year    = "2008"
}

@article{vine_vertical_1989,
  title   = "Some {Vertical} {Phonetic} {Effects} in {Catullus}",
  volume  = "1",
  issn    = "2160-5157",
  url     = "http://muse.jhu.edu/article/456162",
  doi     = "10.1353/syl.1989.0002",
  number  = "1",
  urldate = "2021-01-04",
  journal = "Syllecta Classica",
  author  = "Vine, Brent",
  year    = "1989",
  pages   = "87--95"
}

@article{wagenmakers_assessing_2004,
  title    = "Assessing model mimicry using the parametric bootstrap",
  volume   = "48",
  issn     = "00222496",
  url      = "https://linkinghub.elsevier.com/retrieve/pii/S002224960300097X",
  doi      = "10.1016/j.jmp.2003.11.004",
  language = "en",
  number   = "1",
  urldate  = "2019-06-14",
  journal  = "Journal of Mathematical Psychology",
  author   = "Wagenmakers, Eric-Jan and Ratcliff, Roger and Gomez, Pablo and Iverson, Geoffrey J.",
  year     = "2004",
  pages    = "28--50"
}

@article{west1957metre,
  title     = "The Metre Of {C}atullus' Elegiacs",
  author    = "West, D. A.",
  journal   = "CQ",
  volume    = "7",
  number    = "1-2",
  pages     = "98--102",
  year      = "1957",
  publisher = "Cambridge University Press"
}

@book{westaway_quantity_1930,
  title     = "Quantity and {Accent} in {Latin}",
  publisher = "Cambridge: CUP",
  author    = "Westaway, F. W.",
  year      = "1930"
}

@book{wilkinson_74,
  title     = "Ovid {R}ecalled",
  year      = "1955",
  publisher = "Cedric Chivers",
  place     = "Bath",
  author    = "Wilkinson, L. P.",
  note      = "repr. 1974"
}

@book{wilkinson_golden_1963,
  address   = "Cambridge",
  title     = "Golden {Latin} {Artistry}",
  isbn      = "978-0-521-06807-9",
  language  = "English",
  publisher = "Cambridge University Press",
  author    = "Wilkinson, L. P.",
  year      = "1963"
}

@phdthesis{williams_relationship_2004,
  type     = "Thesis",
  title    = "The relationship between sound and content in {Latin} poetry",
  url      = "https://digital.library.adelaide.edu.au/dspace/handle/2440/37945",
  language = "en",
  urldate  = "2019-11-08",
  author   = "Williams, Matthew Llewellyn",
  year     = "2004"
}

@book{winbolt_latin_1903,
  address   = "London",
  title     = "Latin {Hexameter} {Verse}",
  language  = "en",
  publisher = "Garland",
  author    = "Winbolt, Samuel Edward",
  year      = "1903",
  keywords  = "Latin language, Foreign Language Study / Latin, Hexameter, Literary Criticism / Poetry"
}

@book{wright_latin_1991,
  address   = "London",
  series    = "Romance linguistics",
  title     = "Latin and the {Romance} languages in the early {Middle} {Ages}",
  isbn      = "0-415-05606-3",
  language  = "eng",
  publisher = "Routledge",
  editor    = "Wright, Roger",
  year      = "1991",
  lccn      = "90008308",
  keywords  = "Latin language, Latin language – Influence on Romance, Medieval and modern – History, Romance languages – History"
}

@book{yule_statistical_1944,
  address   = "Cambridge",
  title     = "The statistical study of literary vocabulary",
  isbn      = "978-1-107-63371-1",
  language  = "English",
  publisher = "Cambridge Univ. Pr.",
  author    = "Yule, George Udny",
  year      = "1944"
}

@article{zimek_etal,
  author  = "Zimek, Arthur and Schubert, Erich and Kriegel, Hans-Peter",
  title   = "A survey on unsupervised outlier detection in high-dimensional numerical data",
  journal = "Statistical Analysis and Data Mining",
  volume  = "5",
  number  = "5",
  pages   = "363--387",
  doi     = "https://doi.org/10.1002/sam.11161",
  year    = "2012"
}
